<?xml version="1.0" encoding="UTF-8" ?>
<collection xmlns:xsi="http://www.w3.org/2001/XMLSchema-instance"
    xsi:schemaLocation="http://www.loc.gov/MARC21/slim
        http://www.loc.gov/standards/marcxml/schema/MARC21slim.xsd"
    xmlns="http://www.loc.gov/MARC21/slim">
<record>
  <leader>00272cam a2200529 i 4500</leader>
  <controlfield tag="001">b12365713</controlfield>
  <controlfield tag="003">LeBAU</controlfield>
  <controlfield tag="005">20140331</controlfield>
  <controlfield tag="008">970225s1928    le       b    ||0 0 ara d</controlfield>
  <datafield tag="035" ind1=" " ind2=" ">
    <subfield code="a">ocn784271483</subfield>
  </datafield>
  <datafield tag="040" ind1=" " ind2=" ">
    <subfield code="a">LEAUB</subfield>
    <subfield code="b">ara</subfield>
    <subfield code="e">rda</subfield>
    <subfield code="c">LEAUB</subfield>
    <subfield code="d">LEAUB</subfield>
  </datafield>
  <datafield tag="082" ind1="0" ind2="4">
    <subfield code="a">297.38</subfield>
    <subfield code="2">20</subfield>
  </datafield>
  <datafield tag="100" ind1="1" ind2=" ">
    <subfield code="6">880-01</subfield>
    <subfield code="a">ʻĀmilī, Muḥsin al-Ḥusaynī,</subfield>
    <subfield code="d">1865-1952,</subfield>
    <subfield code="e">author.</subfield>
  </datafield>
  <datafield tag="245" ind1="1" ind2="0">
    <subfield code="6">880-02</subfield>
    <subfield code="a">Risālat al-tanzīh li-aʻmāl al-shabīh /</subfield>
    <subfield code="c">taʼlīf al-ʻallāmah al-sayyid Muḥsin al-Amīn al-Ḥusaynī al-ʻĀmilī.</subfield>
  </datafield>
  <datafield tag="250" ind1=" " ind2=" ">
    <subfield code="6">880-03</subfield>
    <subfield code="a">al-Ṭabʻah al-ūlá.</subfield>
  </datafield>
  <datafield tag="264" ind1=" " ind2="1">
    <subfield code="6">880-04</subfield>
    <subfield code="a">Ṣaydā :</subfield>
    <subfield code="b">Maṭbaʻat al-ʻIrfān,</subfield>
    <subfield code="c">1347 [H.], [1928? M.]</subfield>
  </datafield>
  <datafield tag="300" ind1=" " ind2=" ">
    <subfield code="6">880-05</subfield>
    <subfield code="a">32 pages ;</subfield>
    <subfield code="c">23 cm</subfield>
  </datafield>
  <datafield tag="336" ind1=" " ind2=" ">
    <subfield code="a">text</subfield>
    <subfield code="b">txt</subfield>
    <subfield code="2">rdacontent</subfield>
  </datafield>
  <datafield tag="337" ind1=" " ind2=" ">
    <subfield code="a">unmediated</subfield>
    <subfield code="b">n</subfield>
    <subfield code="2">rdamedia</subfield>
  </datafield>
  <datafield tag="338" ind1=" " ind2=" ">
    <subfield code="a">volume</subfield>
    <subfield code="b">nc</subfield>
    <subfield code="2">rdacarrier</subfield>
  </datafield>
  <datafield tag="500" ind1=" " ind2=" ">
    <subfield code="a">"تتضمن الكلام على ما يدخل في عمل الشبيه وإقامة العزاء للإمام الحسين الشهيد عليه السلام من المحرمات والتحذير منها."</subfield>
  </datafield>
  <datafield tag="504" ind1=" " ind2=" ">
    <subfield code="a">يتضمن مراجع ببليوغرافية.</subfield>
  </datafield>
  <datafield tag="600" ind1="1" ind2="0">
    <subfield code="a">العاملي، محسن الحسيني،</subfield>
    <subfield code="d">1865-1952.</subfield>
    <subfield code="t">التنزيه لأعمال الشبيه.</subfield>
  </datafield>
  <datafield tag="600" ind1="1" ind2="0">
    <subfield code="a">ʻĀmilī, Muḥsin al-Ḥusaynī,</subfield>
    <subfield code="d">1865-1952.</subfield>
    <subfield code="t">Tanzīh li-aʻmāl al-shabīh.</subfield>
  </datafield>
  <datafield tag="650" ind1=" " ind2="4">
    <subfield code="a">عاشوراء.</subfield>
  </datafield>
  <datafield tag="650" ind1=" " ind2="4">
    <subfield code="a">الشيعة</subfield>
    <subfield code="x">طقوس.</subfield>
  </datafield>
  <datafield tag="650" ind1=" " ind2="4">
    <subfield code="a">الشيعة</subfield>
    <subfield code="x">عادات وممارسات.</subfield>
  </datafield>
  <datafield tag="650" ind1=" " ind2="0">
    <subfield code="a">Tenth of Muharram.</subfield>
  </datafield>
  <datafield tag="650" ind1=" " ind2="0">
    <subfield code="a">Shi'ah</subfield>
    <subfield code="x">Rituals.</subfield>
  </datafield>
  <datafield tag="650" ind1=" " ind2="0">
    <subfield code="a">Shi'ah</subfield>
    <subfield code="x">Customs and practices.</subfield>
  </datafield>
  <datafield tag="787" ind1="0" ind2=" ">
    <subfield code="6">880-06</subfield>
    <subfield code="i">is critiqued in (work)</subfield>
    <subfield code="4">http://rdaregistry.info/Elements/w/P10115:</subfield>
    <subfield code="a">Naqawī, ʻAlī Naqī.</subfield>
    <subfield code="t">Risālat iqālat al-ʻāthir fī iqāmat al-shaʻāʼir : naẓarīyāt sharīfah ḥawla mawāḍīʻ Risālat al-Tanzīh fī aʻmāl al-shabīh al-Sūrīyah.</subfield>
    <subfield code="d">al-Najaf al-Ashraf : al-Maṭbaʻah al-Ḥaydarīyah, 1347 H., [1928? M.]</subfield>
    <subfield code="w">(OCoLC)784271561</subfield>
    <subfield code="w">(OCoLC)784271561</subfield>
  </datafield>
  <datafield tag="787" ind1="0" ind2=" ">
    <subfield code="6">880-07</subfield>
    <subfield code="i">is critiqued in (work)</subfield>
    <subfield code="4">http://rdaregistry.info/Elements/w/P10115:</subfield>
    <subfield code="a">Sabītī, ʻAbd Allāh.</subfield>
    <subfield code="t">Rannat al-asá, aw, naẓrah fī risālat al-tanzīh li-aʻmāl al-shabīh.</subfield>
    <subfield code="d">Baghdād : Maṭbaʻat al-Najāḥ, 1347 [H.], [1928? M.]</subfield>
    <subfield code="w">(OCoLC)784271635</subfield>
    <subfield code="w">(OCoLC)784271635</subfield>
  </datafield>
  <datafield tag="787" ind1="0" ind2=" ">
    <subfield code="6">880-08</subfield>
    <subfield code="i">is critiqued in (work)</subfield>
    <subfield code="4">http://rdaregistry.info/Elements/w/P10115:</subfield>
    <subfield code="a">Ḥillī, ʻAbd al-Ḥusayn, 1882 or 1883-1956.</subfield>
    <subfield code="t">Kitāb al-naqd al-nazīh li-risālat al-Tanzīh : wa-huwa yataḍamman taʼyīd al-shaʻāʼir al-Ḥusaynīyah wa-dafʻ al-shukūk wa-al-shubuhāt al-wāridah ʻalayhā.</subfield>
    <subfield code="d">al-Najaf al-Ashraf : al-Maṭbaʻah al-Ḥaydarīyah, 1347 H., [1928? M.]</subfield>
    <subfield code="w">(OCoLC)15039066</subfield>
    <subfield code="w">(OCoLC)15039066</subfield>
  </datafield>
  <datafield tag="852" ind1=" " ind2=" ">
    <subfield code="a">Jafet Library</subfield>
    <subfield code="e">American University of Beirut, Bliss Street , Beirut, Lebanon.</subfield>
  </datafield>
  <datafield tag="880" ind1="1" ind2=" ">
    <subfield code="6">100-01/(3/r</subfield>
    <subfield code="a">العاملي، محسن الحسيني،</subfield>
    <subfield code="d">1865-1952،</subfield>
    <subfield code="e">مؤلف. </subfield>
    <subfield code="4">aut.</subfield>
  </datafield>
  <datafield tag="880" ind1="1" ind2="0">
    <subfield code="6">245-02/(3/r</subfield>
    <subfield code="a">رسالة التنزيه لأعمال الشبيه /</subfield>
    <subfield code="c">تأليف العلامة السيد محسن الأمين الحسيني العاملي.</subfield>
  </datafield>
  <datafield tag="880" ind1=" " ind2=" ">
    <subfield code="6">250-03/(3/r</subfield>
    <subfield code="a">الطبعة الأولى.</subfield>
  </datafield>
  <datafield tag="880" ind1=" " ind2="1">
    <subfield code="6">264-04/(3/r</subfield>
    <subfield code="a">صيدا :</subfield>
    <subfield code="b">مطبعة العرفان،</subfield>
    <subfield code="c">1347 [هـ.]، [1928؟ م.]</subfield>
  </datafield>
  <datafield tag="880" ind1=" " ind2=" ">
    <subfield code="6">300-05/(3/r</subfield>
    <subfield code="a">32 صفحة ؛</subfield>
    <subfield code="c">23 سم</subfield>
  </datafield>
  <datafield tag="880" ind1="0" ind2=" ">
    <subfield code="6">787-06/(3/r</subfield>
    <subfield code="i">منتقد في (عمل)</subfield>
    <subfield code="4">http://rdaregistry.info/Elements/w/P10115:</subfield>
    <subfield code="a">النقوى، علي نقي.</subfield>
    <subfield code="t">رسالة إقالة العاثر في إقامة الشعائر : نظريات شريفة حول مواضيع رسالة التنزيه في أعمال الشبيه السورية.</subfield>
    <subfield code="d">النجف الأشرف : المطبعة الحيدرية، 1347 هـ.، [1928؟ م.]</subfield>
    <subfield code="w">b1236583x</subfield>
    <subfield code="w">(OCoLC)784271561</subfield>
  </datafield>
  <datafield tag="880" ind1="0" ind2=" ">
    <subfield code="6">787-07/(3/r</subfield>
    <subfield code="i">منتقد في (عمل)</subfield>
    <subfield code="4">http://rdaregistry.info/Elements/w/P10115:</subfield>
    <subfield code="a">السبيتي، عبد الله.</subfield>
    <subfield code="t">رنة الأسى، أو، نظرة في رسالة التنزيه لأعمال الشبيه.</subfield>
    <subfield code="d">بغداد : مطبعة النجاح، 1347 [هـ.]، [1928؟ م.]</subfield>
    <subfield code="w">b12365889</subfield>
    <subfield code="w">(OCoLC)784271635</subfield>
  </datafield>
  <datafield tag="880" ind1="0" ind2=" ">
    <subfield code="6">787-08/(3/r</subfield>
    <subfield code="i">منتقد في (عمل)</subfield>
    <subfield code="4">http://rdaregistry.info/Elements/w/P10115:</subfield>
    <subfield code="a">الحلي، عبد الحسين، 1882 او 1883-1956.</subfield>
    <subfield code="t">كتاب النقد النزيه لرسالة التنزيه : وهو يتضمن تأييد الشعائر الحسينية ودفع الشكوك والشبهات الواردة عليها</subfield>
    <subfield code="d">النجف : المطبعة الحيدرية،  1347 [هـ.]، [1928؟ م.]</subfield>
    <subfield code="w">b12365762</subfield>
    <subfield code="w">(OCoLC)15039066</subfield>
  </datafield>
  <datafield tag="907" ind1=" " ind2=" ">
    <subfield code="a">.b12365713</subfield>
    <subfield code="b">18-02-19</subfield>
    <subfield code="c">11-05-24</subfield>
  </datafield>
  <datafield tag="907" ind1=" " ind2=" ">
    <subfield code="a">.b12365713</subfield>
    <subfield code="b">15-10-15</subfield>
    <subfield code="c">11-05-24</subfield>
  </datafield>
  <datafield tag="945" ind1=" " ind2=" ">
    <subfield code="f">J</subfield>
    <subfield code="a">297.38:A51tA:c.1</subfield>
    <subfield code="i">01008395</subfield>
    <subfield code="j">.i12815111</subfield>
    <subfield code="l">u0503</subfield>
  </datafield>
  <datafield tag="945" ind1=" " ind2=" ">
    <subfield code="f">J</subfield>
    <subfield code="a">297.38:A51tA:c.2</subfield>
    <subfield code="i">01008396</subfield>
    <subfield code="j">.i12815123</subfield>
    <subfield code="l">u0503</subfield>
  </datafield>
  <datafield tag="998" ind1=" " ind2=" ">
    <subfield code="a">u05</subfield>
    <subfield code="b">97-02-25</subfield>
    <subfield code="c">m</subfield>
    <subfield code="d">a</subfield>
    <subfield code="e">-</subfield>
    <subfield code="f">ara</subfield>
    <subfield code="g">le </subfield>
    <subfield code="h">0</subfield>
    <subfield code="i">2</subfield>
  </datafield>
</record>
</collection>
